<?xml version="1.0" encoding="UTF-8"?><collection xmlns="http://www.loc.gov/MARC21/slim"><record><leader>00341nam--2200133-i-4500</leader><controlfield tag="001">000042798</controlfield><controlfield tag="002">20161230</controlfield><controlfield tag="005">20161230201043</controlfield><controlfield tag="008">060222s1000------------r-----000-0-eng-d</controlfield><datafield ind1=" " ind2=" " tag="080"><subfield code="a">621.375.826</subfield></datafield><datafield ind1=" " ind2=" " tag="100"><subfield code="a">Stehling,Kurt R</subfield></datafield><datafield ind1=" " ind2=" " tag="245"><subfield code="a">Lasers and their applicatioins</subfield></datafield><datafield ind1=" " ind2=" " tag="260"><subfield code="a">Cleveland, The World Publ.Co.,1966. Xi + 201 P</subfield></datafield><datafield ind1=" " ind2=" " tag="852"><subfield code="a">29522</subfield></datafield></record></collection>